<?xml version="1.0" encoding="UTF-8"?><record xmlns="http://www.loc.gov/MARC21/slim" xmlns:cinclude="http://apache.org/cocoon/include/1.0" xmlns:zs="http://www.loc.gov/zing/srw/">
  <leader>00375nz  a2200121n  4500</leader>
  <controlfield tag="001">n  92063687 </controlfield>
  <controlfield tag="003">DLC</controlfield>
  <controlfield tag="005">19920618092138.3</controlfield>
  <controlfield tag="008">920618n| acannaab|          |n aaa |||  </controlfield>
  <datafield tag="010" ind1=" " ind2=" ">
    <subfield code="a">n  92063687 </subfield>
  </datafield>
  <datafield tag="040" ind1=" " ind2=" ">
    <subfield code="a">DLC</subfield>
    <subfield code="c">DLC</subfield>
  </datafield>
  <datafield tag="100" ind1="1" ind2="0">
    <subfield code="a">Gebhardt, Randall,</subfield>
    <subfield code="d">1960-</subfield>
  </datafield>
  <datafield tag="670" ind1=" " ind2=" ">
    <subfield code="a">Lusch, R.F. Retail marketing, 1992:</subfield>
    <subfield code="b">CIP t.p. (Randall Gebhardt, Retail Planning Associates) data sheet (b. 1960)</subfield>
  </datafield>
</record>